@Article{Stolte2015,
   Author="Stolte, C.  and Sabir, K. S.  and Heinrich, J.  and Hammang, C. J.  and Schafferhans, A.  and O'Donoghue, S. I. ",
   Title="{{I}ntegrated visual analysis of protein structures, sequences, and feature data}",
   Journal="BMC Bioinformatics",
   Year="2015",
   Volume="16 Suppl 11",
   Pages="S7"
}
  
@INPROCEEDINGS{Nguyen2013, 
author={K. T. Nguyen and T. Ropinski}, 
booktitle={Biological Data Visualization (BioVis), 2013 IEEE Symposium on}, 
title={Large-scale multiple sequence alignment visualization through gradient vector flow analysis}, 
year={2013}, 
pages={9-16}, 
keywords={bioinformatics;data visualisation;genetics;genomics;gradient methods;molecular biophysics;vectors;MSA exploration process;color-coded table;conservation extraction;conservation visual emphasis;data distribution;genomic rearrangement identification;global pattern;gradient vector flow analysis;large-scale MSA information;large-scale MSA pattern;large-scale multiple sequence alignment visualization;molecular phylogeny;sequencing technique;traditional MSA visual representation;visual metaphor;visualization technique;Algorithm design and analysis;Data visualization;Feature extraction;Force;Image color analysis;Vectors;Visualization}, 
month={Oct},}